@misc{fieldtrip-prepare_mesh_segmentation.m,
    author = {},
    title = {},
    year = {(accessed on 8 July 2021)},
    howpublished = {Available online: \url{https://github.com/fieldtrip/fieldtrip/blob/master/private/prepare_mesh_segmentation.m}}
}


@misc{research-cpd,
	author = {},
	title = {},
	year = {(accessed on 8 July 2021)},
	howpublished = {Available online: \url{https://sites.google.com/site/myronenko/research/cpd}}
}




